% Encoding: UTF-8
@STRING{JGT = {Journal of Graphics Tools}}
@STRING{COGSCI = {Proc. of the Annual Meeting of the Cognitive Science Society}}
@STRING{HUMANOIDS = {IEEE-RAS International Conference on Humanoid Robots (Humanoids)}}
@STRING{EICC = {Eurographics Italian Chapter Conference}}

@book{Abramowitz1974,
    author = {Milton Abramowitz},
    title = {Handbook of Mathematical Functions, With Formulas, Graphs, and Mathematical Tables},
    year = {1974},
    publisher = {Dover Publications},
}

@inproceedings{AdrianACCV2012,
  author    = {Victor Adrian Prisacariu and Aleksandr V. Segal and Ian D. Reid},
  title     = {Simultaneous Monocular 2D Segmentation, 3D Pose Recovery and 3D Reconstruction},
  booktitle = ACCV,
  pages     = {593--606},
  year      = {2012},
}

@inproceedings{Berger2014EUROGRAPHICS,
  author    = {Matthew Berger and Andrea Tagliasacchi and Lee M. Seversky and Pierre Alliez and Joshua A. Levine and Andrei Sharf and Cl{\'{a}}udio T. Silva},
  title     = {State of the Art in Surface Reconstruction from Point Clouds},
  booktitle = {Eurographics 2014 - State of the Art Reports, Strasbourg, France, April 7-11, 2014},
  pages     = {161--185},
  year      = {2014},
}

@article{BeslPAMI1992,
	author    = {Paul J. Besl and Neil D. McKay},
	title     = {A Method for Registration of 3-D Shapes},
	journal   = PAMI,
	volume    = {14},
	number    = {2},
	pages     = {239--256},
	year      = {1992},
}

@article{BleiARXIV2016,
	author = {D. M. Blei and A. Kucukelbir and J. D. McAuliffe},
	title = {Variational Inference: {A} Review for Statisticians},
	journal = ARXIV,
	volume = {abs/1601.00670},
	year = {2016},
}

@misc{Agarwal2012,
    author = "Sameer Agarwal and Keir Mierle and Others",
    title = "Ceres Solver",
    howpublished = "\url{http://ceres-solver.org}",
    year = {2012},
}

@article{Chen2016ARXIVb,
    author    = {Xiaozhi Chen and Huimin Ma and Ji Wan and Bo Li and Tian Xia},
    title     = {Multi-View 3D Object Detection Network for Autonomous Driving},
    journal   = ARXIV,
    volume    = {abs/1611.07759},
    year      = {2016},
}

@article{ChenCVIU2011,
    author    = {Yu Chen and Roberto Cipolla},
    title     = {Single and sparse view 3D reconstruction by learning shape priors},
    journal   = CVIU,
    volume    = {115},
    number    = {5},
    pages     = {586--602},
    year      = {2011},
}

@inproceedings{Cignoni2008,
    author = {Paolo Cignoni and Marco Callieri and Massimiliano Corsini and Matteo Dellepiane and Fabio Ganovelli and Guido Ranzuglia},
    title = {MeshLab: an Open-Source Mesh Processing Tool},
    booktitle = EICC,
    pages = {129--136},
    year = {2008},
}

@inproceedings{Collobert2011,
    title = {Torch7: A Matlab-like Environment for Machine Learning},
    author = {Ronan Collobert and Koray Kavukcuoglu and Cl{\'e}ment Farabet},
    booktitle = {BigLearn, NIPS Workshop},
    year = {2011}
}

@article{Dai2016ARXIV,
  author    = {Angela Dai and Charles Ruizhongtai Qi and Matthias Nie{\ss}ner},
  title     = {Shape Completion using 3D-Encoder-Predictor CNNs and Shape Synthesis},
  journal   = ARXIV,
  volume    = {abs/1612.00101},
  year      = {2016},
}

@inproceedings{Eigen2015ICCV,
    author    = {David Eigen and Rob Fergus},
    title     = {Predicting Depth, Surface Normals and Semantic Labels with a Common
    Multi-scale Convolutional Architecture},
    booktitle = ICCV,
    pages     = {2650--2658},
    year      = {2015},
}

@inproceedings{Engelmann2017WACV,
  author    = {Francis Engelmann and J{\"{o}}rg St{\"{u}}ckler and Bastian Leibe},
  title     = {{SAMP:} Shape and Motion Priors for 4D Vehicle Reconstruction},
  booktitle = WACV,
  pages     = {400--408},
  year      = {2017},
}

@article{Fan2016ARXIV,
  author    = {Haoqiang Fan and Hao Su and Leonidas J. Guibas},
  title     = {A Point Set Generation Network for 3D Object Reconstruction from a Single Image},
  journal   = ARXIV,
  volume    = {abs/1612.00603},
  year      = {2016},
}

@inproceedings{GarciaGarcia2016IJCNN,
  author    = {Alberto Garcia{-}Garcia and Francisco Gomez{-}Donoso and Jos{\'{e}} Garc{\'{\i}}a Rodr{\'{\i}}guez and Sergio Orts{-}Escolano and Miguel Cazorla and Jorge Azor{\'{\i}}n L{\'{o}}pez},
  title     = {PointNet: {A} 3D Convolutional Neural Network for real-time object class recognition},
  booktitle = IJCNN,
  pages     = {1578--1584},
  year      = {2016},
}

@inproceedings{Gersham2014COGSCI,
  author    = {Samuel Gershman and Noah D. Goodman},
  title     = {Amortized Inference in Probabilistic Reasoning},
  booktitle = COGSCI,
  year      = {2014},
}

@inproceedings{GlorotAISTATS2011,
	author    = {X. Glorot and A. Bordes and Y. Bengio},
	title     = {Deep Sparse Rectifier Neural Networks},
	booktitle = AISTATS,
	pages     = {315--323},
	year      = {2011},
}

@inproceedings{Han2017ICCV,
    author    = {Xiaoguang Han and Zhen Li and Haibin Huang and Evangelos Kalogerakis and Yizhou Yu},
    title     = {High-Resolution Shape Completion Using Deep Neural Networks for Global
    Structure and Local Geometry Inference},
    booktitle = ICCV,
    pages     = {85--93},
    year      = {2017},
}

@article{HintonNC2006,
	author    = {Geoffrey E. Hinton and Simon Osindero and Yee Whye Teh},
	title     = {A Fast Learning Algorithm for Deep Belief Nets},
	journal   = NC,
	volume    = {18},
	number    = {7},
	pages     = {1527--1554},
	year      = {2006},
}

@inproceedings{ImAAAI2017,
  author    = {Daniel Jiwoong Im and Sungjin Ahn and Roland Memisevic and Yoshua Bengio},
  title     = {Denoising Criterion for Variational Auto-Encoding Framework},
  booktitle = AAAI,
  pages     = {2059--2065},
  year      = {2017},
}

@article{JangARXIV2016,
  author = {Eric Jang and Shixiang Gu and Ben Poole},
  title = {Categorical Reparameterization with Gumbel-Softmax},
  journal = ARXIV,
  volume = {abs/1611.01144},
  year = {2016},
}

@inproceedings{JiwoongAAAI2017,
    author = {Daniel Jiwoong Im and Sungjin Ahn and Roland Memisevic and Yoshua Bengio},
    title = {Denoising Criterion for Variational Auto-Encoding Framework},
    booktitle = AAAI,
    pages = {2059--2065},
    year = {2017},
}

@Misc{Jones2001,
	author = {Eric Jones and Travis Oliphant and Pearu Peterson and others},
	title = {{SciPy}: Open source scientific tools for {Python}},
	year = {2001},
	url = "http://www.scipy.org/",
}

@article{KatoARXIV2017,
    author    = {Hiroharu Kato and Yoshitaka Ushiku and Tatsuya Harada},
    title     = {Neural 3D Mesh Renderer},
    journal   = ARXIV,
    volume    = {abs/1711.07566},
    year      = {2017},
}

@article{Kingma2013ARXIV,
  author = {Diederik P. Kingma and Max Welling},
  title = {Auto-Encoding Variational Bayes},
  journal = ARXIV,
  volume = {abs/1312.6114},
  year = {2013},
  url = {http://arxiv.org/abs/1312.6114},
}

@inproceedings{KroemerHUMANOIDS2012,
    author    = {Oliver Kroemer and Heni Ben Amor and Marco Ewerton and Jan Peters},
    title     = {Point cloud completion using extrusions},
    booktitle = HUMANOIDS,
    pages     = {680--685},
    year      = {2012},
}

@article{KurenkovARXIV2017,
    author    = {Andrey Kurenkov and Jingwei Ji and Animesh Garg and Viraj Mehta and JunYoung Gwak and Christopher B. Choy and Silvio Savarese},
    title     = {DeformNet: Free-Form Deformation Network for 3D Shape Reconstruction from a Single Image},
    journal   = ARXIV,
    volume    = {abs/1708.04672},
    year      = {2017},
}

@inproceedings{Laina2016THREEDV,
    author    = {Iro Laina and Christian Rupprecht and Vasileios Belagiannis and Federico Tombari and Nassir Navab},
    title     = {Deeper Depth Prediction with Fully Convolutional Residual Networks},
    booktitle = THREEDV,
    pages     = {239--248},
    year      = {2016},
}

@inproceedings{LarsenICML2016,
  author    = {Anders Boesen Lindbo Larsen and S{\o}ren Kaae S{\o}nderby and Hugo Larochelle and Ole Winther},
  title     = {Autoencoding beyond pixels using a learned similarity metric},
  booktitle = ICML,
  pages     = {1558--1566},
  year      = {2016},
}

@article{LawCVIU2011,
  author    = {Alvin J. Law and Daniel G. Aliaga},
  title     = {Single viewpoint model completion of symmetric objects for digital inspection},
  journal   = CVIU,
  volume    = {115},
  number    = {5},
  pages     = {603--610},
  year      = {2011},
}

@inproceedings{LeottaCVPR2009,
  author    = {Matthew J. Leotta and Joseph L. Mundy},
  title     = {Predicting high resolution image edges with a generic, adaptive, 3-D vehicle model},
  booktitle = CVPR,
  pages     = {1311--1318},
  year      = {2009},
}

@article{LiCGF2015,
  author    = {Yangyan Li and Angela Dai and Leonidas J. Guibas and Matthias Nie{\ss}ner},
  title     = {Database-Assisted Object Retrieval for Real-Time 3D Reconstruction},
  journal   = CGF,
  volume    = {34},
  number    = {2},
  pages     = {435--446},
  year      = {2015},
}

@article{LinARXIV2017,
    author    = {Chen{-}Hsuan Lin and Chen Kong and Simon Lucey},
    title     = {Learning Efficient Point Cloud Generation for Dense 3D Object Reconstruction},
    journal   = ARXIV,
    volume    = {abs/1706.07036},
    year      = {2017},
}

@inproceedings{LinECCV2014,
    author    = {Yen{-}Liang Lin and Vlad I. Morariu and Winston H. Hsu and Larry S. Davis},
    title     = {Jointly Optimizing 3D Model Fitting and Fine-Grained Classification},
    booktitle = ECCV,
    pages     = {466--480},
    year      = {2014},
}

@article{LiuARXIV2017,
    author    = {Jerry Liu and Fisher Yu and Thomas A. Funkhouser},
    title     = {Interactive 3D Modeling with a Generative Adversarial Network},
    journal   = ARXIV,
    volume    = {abs/1706.05170},
    year      = {2017},
}

@article{MaddisonARXIV2016,
  author = {Chris J. Maddison and Andriy Mnih and Yee Whye Teh},
  title = {The Concrete Distribution: {A} Continuous Relaxation of Discrete Random Variables},
  journal = ARXIV,
  volume = {abs/1611.00712},
  year = {2016},
}

@article{MakhzaniARXIV2015,
  author    = {Alireza Makhzani and Jonathon Shlens and Navdeep Jaitly and Ian J. Goodfellow},
  title     = {Adversarial Autoencoders},
  journal   = ARXIV,
  volume    = {abs/1511.05644},
  year      = {2015},
}

@inproceedings{MartonISRR2009,
  author    = {Zoltan{-}Csaba Marton and Lucian Cosmin Goron and Radu Bogdan Rusu an Michael Beetz},
  title     = {Reconstruction and Verification of 3D Object Models for Grasping},
  booktitle = ISRR,
  pages     = {315--328},
  year      = {2009},
}

@article{MeschederARXIV2017,
  author    = {Lars M. Mescheder and Sebastian Nowozin and Andreas Geiger},
  title     = {The Numerics of GANs},
  journal   = ARXIV,
  volume    = {abs/1705.10461},
  year      = {2017},
}

@article{Moller1997JGT,
    author = {M\"{o}ller, Tomas and Trumbore, Ben},
    title = {Fast, Minimum Storage Ray-triangle Intersection},
    journal = JGT,
    issue_date = {1997},
    volume = {2},
    number = {1},
    year = {1997},
    pages = {21--28},
} 

@article{MoonsFTCGV2010,
  year = {2010},
  volume = {4},
  journal = FTCGV,
  title = {3D Reconstruction from Multiple Images Part 1: Principles},
  number = {4},
  pages = {287-404},
  author = {Theo Moons and Luc Van Gool and Maarten Vergauwen}
}

@article{NashSGP2017,
    author    = {Charlie Nash and Christopher K. I. Williams},
    title     = {The shape variational autoencoder: {A} deep generative model of part-segmented 3D objects},
    journal   = SGP,
    volume    = {36},
    number    = {5},
    pages     = {1--12},
    year      = {2017},
}

@inproceedings{NgyuenCVPR2016,
    author    = {Duc Thanh Nguyen and Binh{-}Son Hua and Minh{-}Khoi Tran and Quang{-}Hieu Pham and Sai{-}Kit Yeung},
    title     = {A Field Model for Repairing 3D Shapes},
    booktitle = CVPR,
    pages     = {5676--5684},
    year      = {2016},
}

@inproceedings{NowozinNIPS2016,
  author    = {Sebastian Nowozin and Botond Cseke and Ryota Tomioka},
  title     = {f-GAN: Training Generative Neural Samplers using Variational Divergence Minimization},
  booktitle = NIPS,
  pages     = {271--279},
  year      = {2016},
}

@incollection{OswalISAMA2013,
    author    = {Martin R. Oswald and Eno T{\"{o}}ppe and Claudia Nieuwenhuis and Daniel Cremers},
    title     = {A Review of Geometry Recovery from a Single Image Focusing on Curved Object Reconstruction},
    booktitle = {Innovations for Shape Analysis, Models and Algorithms},
    pages     = {343--378},
    year      = {2013},
}

@article{PaulyTG2008,
  author    = {Mark Pauly and Niloy J. Mitra and Johannes Wallner and Helmut Pottmann and Leonidas J. Guibas},
  title     = {Discovering structural regularity in 3D geometry},
  journal   = TG,
  volume    = {27},
  number    = {3},
  pages     = {43:1--43:11},
  year      = {2008},
}

@inproceedings{PepikCVPR2015,
    author    = {Bojan Pepik and Michael Stark and Peter V. Gehler and Tobias Ritschel and Bernt Schiele},
    title     = {3D object class detection in the wild},
    booktitle = CVPR,
    pages     = {1--10},
    year      = {2015},
}

@inproceedings{Pizlo2007CAIP,
  author    = {Zygmunt Pizlo},
  title     = {Human Perception of 3D Shapes},
  booktitle = CAIP,
  pages     = {1--12},
  year      = {2007},
}

@book{Pizlo2010,
  title = {{3D} shape: Its unique place in visual perception},
  author = {Zygmunt Pizlo},
  year = {2010},
  publisher = {{MIT} Press}
}

@inproceedings{RezendeICML2014,
  author    = {Danilo Jimenez Rezende and Shakir Mohamed and Daan Wierstra},
  title     = {Stochastic Backpropagation and Approximate Inference in Deep Generative Models},
  booktitle = ICML,
  pages     = {1278--1286},
  year      = {2014},
}

@inproceedings{RezendeICML2015,
  author    = {Danilo Jimenez Rezende and Shakir Mohamed},
  title     = {Variational Inference with Normalizing Flows},
  booktitle = ICML,
  pages     = {1530--1538},
  year      = {2015},
}

@article{RitchieARXIV2016,
  author    = {Daniel Ritchie and Paul Horsfall and Noah D. Goodman},
  title     = {Deep Amortized Inference for Probabilistic Programs},
  journal   = ARXIV,
  volume    = {abs/1610.05735},
  year      = {2016},
}

@inproceedings{RockCVPR2015,
    author    = {Jason Rock and Tanmay Gupta and Justin Thorsen and JunYoung Gwak and Daeyun Shin and Derek Hoiem},
    title     = {Completing 3D object shape from one depth image},
    booktitle = CVPR,
    pages     = {2484--2493},
    year      = {2015},
}

@article{SandhuPAMI2011,
    author    = {Romeil Sandhu and Samuel Dambreville and Anthony J. Yezzi and Allen Tannenbaum},
    title     = {A Nonrigid Kernel-Based Framework for 2D-3D Pose Estimation and 2D Image Segmentation},
    journal   = PAMI,
    volume    = {33},
    number    = {6},
    pages     = {1098--1115},
    year      = {2011},
}

@inproceedings{SandhuCVPR2009,
  author    = {Romeil Sandhu and Samuel Dambreville and Anthony J. Yezzi and Allen Tannenbaum},
  title     = {Non-rigid 2D-3D pose estimation and 2D image segmentation},
  booktitle = CVPR,
  pages     = {786--793},
  year      = {2009},
}

@article{SmithARXIV2017,
  author    = {Edward Smith and David Meger},
  title     = {Improved Adversarial Systems for 3D Object Generation and Reconstruction},
  journal   = ARXIV,
  volume    = {abs/1707.09557},
  year      = {2017},
}

@inproceedings{StutzCVPR2018,
    author    = {David Stutz and Andreas Geiger},
    title     = {Learning 3D Shape Completion from Laser Scan Data with Weak Supervision},
    booktitle = CVPR,
    pages     = {},
    year      = {2018 (accepted)},
}

@article{StutzARXIV2018,
    author    = {David Stutz and Andreas Geiger},
    title     = {Learning 3D Shape Completion under Weak Supervision},
    journal   = ARXIV,
    volume    = {abs/1805.07290},
    year      = {2018},
}

@article{SungTG2015,
  author    = {Minhyuk Sung and Vladimir G. Kim and Roland Angst and Leonidas J. Guibas},
  title     = {Data-driven structural priors for shape completion},
  journal   = TG,
  volume    = {34},
  number    = {6},
  pages     = {175:1--175:11},
  year      = {2015},
}

@inproceedings{ThrunICCV2005,
    author    = {Sebastian Thrun and Ben Wegbreit},
    title     = {Shape from Symmetry},
    booktitle = ICCV,
    pages     = {1824--1831},
    year      = {2005},
}

@article{TulsianiARXIV2018,
    author    = {Shubham Tulsiani and Alexei A. Efros and Jitendra Malik},
    title     = {Multi-view Consistency as Supervisory Signal for Learning Shape and Pose Prediction},
    journal   = ARXIV,
    volume    = {abs/1801.03910},
    year      = {2018},
}

@inproceedings{VanDenOordICML2016,
  author    = {A{\"{a}}ron van den Oord and Nal Kalchbrenner and Koray Kavukcuoglu},
  title     = {Pixel Recurrent Neural Networks},
  booktitle = ICML,
  pages     = {1747--1756},
  year      = {2016},
}

@inproceedings{VanDenOordNIPS2016,
  author    = {A{\"{a}}ron van den Oord and Nal Kalchbrenner and Lasse Espeholt and Koray Kavukcuoglu and Oriol Vinyals and Alex Graves},
  title     = {Conditional Image Generation with PixelCNN Decoders},
  booktitle = NIPS,
  pages     = {4790--4798},
  year      = {2016},
}

@article{VanDerMaatenJMLR2008,
    author    = {Laurens van der Maaten and Geoffrey Hinton},
    title     = {Visualizing High-Dimensional Data Using t-SNE},
    journal   = JMLR,
    volume    = {9: 2579–2605},
    year      = {2008},
}

@inproceedings{VarleyIROS2017,
    author    = {Jacob Varley and Chad DeChant and Adam Richardson and Joaqu{\'{\i}}n Ruales and Peter K. Allen},
    title     = {Shape completion enabled robotic grasping},
    booktitle = IROS,
    pages     = {2442--2447},
    year      = {2017},
}

@article{WangARXIV2016,
  author    = {Dilin Wang and Qiang Liu},
  title     = {Learning to Draw Samples: With Application to Amortized {MLE} for Generative Adversarial Learning},
  journal   = ARXIV,
  volume    = {abs/1611.01722},
  year      = {2016},
}

@inproceedings{WangICCV2017,
    author    = {Weiyue Wang and Qiangui Huang and Suya You and Chao Yang and Ulrich Neumann},
    title     = {Shape Inpainting Using 3D Generative Adversarial Network and Recurrent Convolutional Networks},
    booktitle = ICCV,
    pages     = {2317--2325},
    year      = {2017},
}

@inproceedings{Williams2005SIGGRAPH,
    author = {Williams, Amy and Barrus, Steve and Morley, R. Keith and Shirley, Peter},
    title = {An Efficient and Robust Ray-box Intersection Algorithm},
    booktitle = SIGGRAPH,
    year = {2005},
    number = {9},
} 

@inproceedings{WuNIPS2016,
  author    = {Jiajun Wu and Chengkai Zhang and Tianfan Xue and Bill Freeman and Josh Tenenbaum},
  title     = {Learning a Probabilistic Latent Space of Object Shapes via 3D Generative-Adversarial Modeling},
  booktitle = NIPS,
  pages     = {82--90},
  year      = {2016},
}

@inproceedings{WuECCV2016,
    author    = {Jiajun Wu and Tianfan Xue and Joseph J. Lim and Yuandong Tian and Joshua B. Tenenbaum and Antonio Torralba and William T. Freeman},
    title     = {Single Image 3D Interpreter Network},
    booktitle = ECCV,
    pages     = {365--382},
    year      = {2016},
}

@article{YangARXIV2018,
    author    = {Bo Yang and Stefano Rosa and Andrew Markham and Niki Trigoni and Hongkai Wen},
    title     = {3D Object Dense Reconstruction from a Single Depth View},
    journal   = ARXIV,
    volume    = {abs/1802.00411},
    year      = {2018},
}

@article{ZhengTG2010,
  author    = {Qian Zheng and Andrei Sharf and Guowei Wan and Yangyan Li and Niloy J. Mitra and Daniel Cohen{-}Or and Baoquan Chen},
  title     = {Non-local scan consolidation for 3D urban scenes},
  journal   = TG,
  volume    = {29},
  number    = {4},
  pages     = {94:1--94:9},
  year      = {2010},
}

@inproceedings{ZiaCVPR2014,
    author    = {Muhammad Zeeshan Zia and Michael Stark and Konrad Schindler},
    title     = {Are Cars Just 3D Boxes? Jointly Estimating the 3D Shape of Multiple Objects},
    booktitle = CVPR,
    pages     = {3678--3685},
    year      = {2014},
}

@article{ZhuFCS2017,
    author    = {Hao Zhu and Yongming Nie and Tao Yue and Xun Cao},
    title     = {The role of prior in image based 3D modeling: a survey},
    journal   = {Frontiers of Computer Science},
    volume    = {11},
    number    = {2},
    pages     = {175--191},
    year      = {2017},
}
