% Encoding: UTF-8
@STRING{JGT = {Journal of Graphics Tools}}
@STRING{COGSCI = {Proc. of the Annual Meeting of the Cognitive Science Society}}
@STRING{HUMANOIDS = {IEEE-RAS International Conference on Humanoid Robots (Humanoids)}}
@STRING{EICC = {Eurographics Italian Chapter Conference}}

@book{Abramowitz1974,
    author = {Milton Abramowitz},
    title = {Handbook of Mathematical Functions, With Formulas, Graphs, and Mathematical Tables},
    year = {1974},
    publisher = {Dover Publications},
}

@inproceedings{AdrianACCV2012,
  author    = {Victor Adrian Prisacariu and Aleksandr V. Segal and Ian D. Reid},
  title     = {Simultaneous Monocular 2D Segmentation, 3D Pose Recovery and 3D Reconstruction},
  booktitle = ACCV,
  pages     = {593--606},
  year      = {2012},
}

@inproceedings{Berger2014EUROGRAPHICS,
  author    = {Matthew Berger and Andrea Tagliasacchi and Lee M. Seversky and Pierre Alliez and Joshua A. Levine and Andrei Sharf and Cl{\'{a}}udio T. Silva},
  title     = {State of the Art in Surface Reconstruction from Point Clouds},
  booktitle = {Eurographics 2014 - State of the Art Reports, Strasbourg, France, April 7-11, 2014},
  pages     = {161--185},
  year      = {2014},
}

@article{Tipping1999JRSS,
	author = {Michael E. Tipping and Chris M. Bishop},
	title = {Probabilistic Principal Component Analysis},
	journal = JRSS,
	year = {1999},
	volume = {61},
	pages = {611--622}
}

@misc{Agarwal2012,
    author = "Sameer Agarwal and Keir Mierle and Others",
    title = "Ceres Solver",
    howpublished = "\url{http://ceres-solver.org}",
    year = {2012},
}

@article{Chen2016ARXIVb,
    author    = {Xiaozhi Chen and Huimin Ma and Ji Wan and Bo Li and Tian Xia},
    title     = {Multi-View 3D Object Detection Network for Autonomous Driving},
    journal   = ARXIV,
    volume    = {abs/1611.07759},
    year      = {2016},
}

@inproceedings{Cignoni2008,
    author = {Paolo Cignoni and Marco Callieri and Massimiliano Corsini and Matteo Dellepiane and Fabio Ganovelli and Guido Ranzuglia},
    title = {MeshLab: an Open-Source Mesh Processing Tool},
    booktitle = EICC,
    pages = {129--136},
    year = {2008},
}

@inproceedings{Collobert2011,
    title = {Torch7: A Matlab-like Environment for Machine Learning},
    author = {Ronan Collobert and Koray Kavukcuoglu and Cl{\'e}ment Farabet},
    booktitle = {BigLearn, NIPS Workshop},
    year = {2011}
}

@article{Dai2016ARXIV,
  author    = {Angela Dai and Charles Ruizhongtai Qi and Matthias Nie{\ss}ner},
  title     = {Shape Completion using 3D-Encoder-Predictor CNNs and Shape Synthesis},
  journal   = ARXIV,
  volume    = {abs/1612.00101},
  year      = {2016},
}

@inproceedings{Eigen2015ICCV,
    author    = {David Eigen and Rob Fergus},
    title     = {Predicting Depth, Surface Normals and Semantic Labels with a Common
    Multi-scale Convolutional Architecture},
    booktitle = ICCV,
    pages     = {2650--2658},
    year      = {2015},
}

@inproceedings{Engelmann2017WACV,
  author    = {Francis Engelmann and J{\"{o}}rg St{\"{u}}ckler and Bastian Leibe},
  title     = {{SAMP:} Shape and Motion Priors for 4D Vehicle Reconstruction},
  booktitle = WACV,
  pages     = {400--408},
  year      = {2017},
}

@article{Fan2016ARXIV,
  author    = {Haoqiang Fan and Hao Su and Leonidas J. Guibas},
  title     = {A Point Set Generation Network for 3D Object Reconstruction from a Single Image},
  journal   = ARXIV,
  volume    = {abs/1612.00603},
  year      = {2016},
}

@inproceedings{GarciaGarcia2016IJCNN,
  author    = {Alberto Garcia{-}Garcia and Francisco Gomez{-}Donoso and Jos{\'{e}} Garc{\'{\i}}a Rodr{\'{\i}}guez and Sergio Orts{-}Escolano and Miguel Cazorla and Jorge Azor{\'{\i}}n L{\'{o}}pez},
  title     = {PointNet: {A} 3D Convolutional Neural Network for real-time object class recognition},
  booktitle = IJCNN,
  pages     = {1578--1584},
  year      = {2016},
}

@inproceedings{Gersham2014COGSCI,
  author    = {Samuel Gershman and Noah D. Goodman},
  title     = {Amortized Inference in Probabilistic Reasoning},
  booktitle = COGSCI,
  year      = {2014},
}

@inproceedings{Han2017ICCV,
    author    = {Xiaoguang Han and Zhen Li and Haibin Huang and Evangelos Kalogerakis and Yizhou Yu},
    title     = {High-Resolution Shape Completion Using Deep Neural Networks for Global
    Structure and Local Geometry Inference},
    booktitle = ICCV,
    pages     = {85--93},
    year      = {2017},
}

@inproceedings{ImAAAI2017,
  author    = {Daniel Jiwoong Im and Sungjin Ahn and Roland Memisevic and Yoshua Bengio},
  title     = {Denoising Criterion for Variational Auto-Encoding Framework},
  booktitle = AAAI,
  pages     = {2059--2065},
  year      = {2017},
}

@article{JangARXIV2016,
  author = {Eric Jang and Shixiang Gu and Ben Poole},
  title = {Categorical Reparameterization with Gumbel-Softmax},
  journal = ARXIV,
  volume = {abs/1611.01144},
  year = {2016},
}

@inproceedings{JiwoongAAAI2017,
    author = {Daniel Jiwoong Im and Sungjin Ahn and Roland Memisevic and Yoshua Bengio},
    title = {Denoising Criterion for Variational Auto-Encoding Framework},
    booktitle = AAAI,
    pages = {2059--2065},
    year = {2017},
}

@article{Kingma2013ARXIV,
  author = {Diederik P. Kingma and Max Welling},
  title = {Auto-Encoding Variational Bayes},
  journal = ARXIV,
  volume = {abs/1312.6114},
  year = {2013},
  url = {http://arxiv.org/abs/1312.6114},
}

@inproceedings{KroemerHUMANOIDS2012,
    author    = {Oliver Kroemer and Heni Ben Amor and Marco Ewerton and Jan Peters},
    title     = {Point cloud completion using extrusions},
    booktitle = HUMANOIDS,
    pages     = {680--685},
    year      = {2012},
}

@inproceedings{Laina2016THREEDV,
    author    = {Iro Laina and Christian Rupprecht and Vasileios Belagiannis and Federico Tombari and Nassir Navab},
    title     = {Deeper Depth Prediction with Fully Convolutional Residual Networks},
    booktitle = THREEDV,
    pages     = {239--248},
    year      = {2016},
}

@inproceedings{LarsenICML2016,
  author    = {Anders Boesen Lindbo Larsen and S{\o}ren Kaae S{\o}nderby and Hugo Larochelle and Ole Winther},
  title     = {Autoencoding beyond pixels using a learned similarity metric},
  booktitle = ICML,
  pages     = {1558--1566},
  year      = {2016},
}

@article{LawCVIU2011,
  author    = {Alvin J. Law and Daniel G. Aliaga},
  title     = {Single viewpoint model completion of symmetric objects for digital inspection},
  journal   = CVIU,
  volume    = {115},
  number    = {5},
  pages     = {603--610},
  year      = {2011},
}

@inproceedings{LeottaCVPR2009,
  author    = {Matthew J. Leotta and Joseph L. Mundy},
  title     = {Predicting high resolution image edges with a generic, adaptive, 3-D vehicle model},
  booktitle = CVPR,
  pages     = {1311--1318},
  year      = {2009},
}

@article{LiCGF2015,
  author    = {Yangyan Li and Angela Dai and Leonidas J. Guibas and Matthias Nie{\ss}ner},
  title     = {Database-Assisted Object Retrieval for Real-Time 3D Reconstruction},
  journal   = CGF,
  volume    = {34},
  number    = {2},
  pages     = {435--446},
  year      = {2015},
}

@article{MaddisonARXIV2016,
  author = {Chris J. Maddison and Andriy Mnih and Yee Whye Teh},
  title = {The Concrete Distribution: {A} Continuous Relaxation of Discrete Random Variables},
  journal = ARXIV,
  volume = {abs/1611.00712},
  year = {2016},
}

@article{MakhzaniARXIV2015,
  author    = {Alireza Makhzani and Jonathon Shlens and Navdeep Jaitly and Ian J. Goodfellow},
  title     = {Adversarial Autoencoders},
  journal   = ARXIV,
  volume    = {abs/1511.05644},
  year      = {2015},
}

@inproceedings{MartonISRR2009,
  author    = {Zoltan{-}Csaba Marton and Lucian Cosmin Goron and Radu Bogdan Rusu an Michael Beetz},
  title     = {Reconstruction and Verification of 3D Object Models for Grasping},
  booktitle = ISRR,
  pages     = {315--328},
  year      = {2009},
}

@article{MeschederARXIV2017,
  author    = {Lars M. Mescheder and Sebastian Nowozin and Andreas Geiger},
  title     = {The Numerics of GANs},
  journal   = ARXIV,
  volume    = {abs/1705.10461},
  year      = {2017},
}

@article{Moller1997JGT,
    author = {M\"{o}ller, Tomas and Trumbore, Ben},
    title = {Fast, Minimum Storage Ray-triangle Intersection},
    journal = JGT,
    issue_date = {1997},
    volume = {2},
    number = {1},
    year = {1997},
    pages = {21--28},
} 

@article{MoonsFTCGV2010,
  year = {2010},
  volume = {4},
  journal = FTCGV,
  title = {3D Reconstruction from Multiple Images Part 1: Principles},
  number = {4},
  pages = {287-404},
  author = {Theo Moons and Luc Van Gool and Maarten Vergauwen}
}

@inproceedings{NowozinNIPS2016,
  author    = {Sebastian Nowozin and Botond Cseke and Ryota Tomioka},
  title     = {f-GAN: Training Generative Neural Samplers using Variational Divergence Minimization},
  booktitle = NIPS,
  pages     = {271--279},
  year      = {2016},
}

@article{PaulyTG2008,
  author    = {Mark Pauly and Niloy J. Mitra and Johannes Wallner and Helmut Pottmann and Leonidas J. Guibas},
  title     = {Discovering structural regularity in 3D geometry},
  journal   = TG,
  volume    = {27},
  number    = {3},
  pages     = {43:1--43:11},
  year      = {2008},
}

@inproceedings{Pizlo2007CAIP,
  author    = {Zygmunt Pizlo},
  title     = {Human Perception of 3D Shapes},
  booktitle = CAIP,
  pages     = {1--12},
  year      = {2007},
}

@book{Pizlo2010,
  title = {{3D} shape: Its unique place in visual perception},
  author = {Zygmunt Pizlo},
  year = {2010},
  publisher = {{MIT} Press}
}

@inproceedings{RezendeICML2014,
  author    = {Danilo Jimenez Rezende and Shakir Mohamed and Daan Wierstra},
  title     = {Stochastic Backpropagation and Approximate Inference in Deep Generative Models},
  booktitle = ICML,
  pages     = {1278--1286},
  year      = {2014},
}

@inproceedings{RezendeICML2015,
  author    = {Danilo Jimenez Rezende and Shakir Mohamed},
  title     = {Variational Inference with Normalizing Flows},
  booktitle = ICML,
  pages     = {1530--1538},
  year      = {2015},
}

@article{RitchieARXIV2016,
  author    = {Daniel Ritchie and Paul Horsfall and Noah D. Goodman},
  title     = {Deep Amortized Inference for Probabilistic Programs},
  journal   = ARXIV,
  volume    = {abs/1610.05735},
  year      = {2016},
}

@inproceedings{SandhuCVPR2009,
  author    = {Romeil Sandhu and Samuel Dambreville and Anthony J. Yezzi and Allen Tannenbaum},
  title     = {Non-rigid 2D-3D pose estimation and 2D image segmentation},
  booktitle = CVPR,
  pages     = {786--793},
  year      = {2009},
}

@article{SmithARXIV2017,
  author    = {Edward Smith and David Meger},
  title     = {Improved Adversarial Systems for 3D Object Generation and Reconstruction},
  journal   = ARXIV,
  volume    = {abs/1707.09557},
  year      = {2017},
}

@article{SungTG2015,
  author    = {Minhyuk Sung and Vladimir G. Kim and Roland Angst and Leonidas J. Guibas},
  title     = {Data-driven structural priors for shape completion},
  journal   = TG,
  volume    = {34},
  number    = {6},
  pages     = {175:1--175:11},
  year      = {2015},
}

@inproceedings{ThrunICCV2005,
    author    = {Sebastian Thrun and Ben Wegbreit},
    title     = {Shape from Symmetry},
    booktitle = ICCV,
    pages     = {1824--1831},
    year      = {2005},
}

@inproceedings{VanDenOordICML2016,
  author    = {A{\"{a}}ron van den Oord and Nal Kalchbrenner and Koray Kavukcuoglu},
  title     = {Pixel Recurrent Neural Networks},
  booktitle = ICML,
  pages     = {1747--1756},
  year      = {2016},
}

@inproceedings{VanDenOordNIPS2016,
  author    = {A{\"{a}}ron van den Oord and Nal Kalchbrenner and Lasse Espeholt and Koray Kavukcuoglu and Oriol Vinyals and Alex Graves},
  title     = {Conditional Image Generation with PixelCNN Decoders},
  booktitle = NIPS,
  pages     = {4790--4798},
  year      = {2016},
}

@article{WangARXIV2016,
  author    = {Dilin Wang and Qiang Liu},
  title     = {Learning to Draw Samples: With Application to Amortized {MLE} for Generative Adversarial Learning},
  journal   = ARXIV,
  volume    = {abs/1611.01722},
  year      = {2016},
}

@inproceedings{Williams2005SIGGRAPH,
    author = {Williams, Amy and Barrus, Steve and Morley, R. Keith and Shirley, Peter},
    title = {An Efficient and Robust Ray-box Intersection Algorithm},
    booktitle = SIGGRAPH,
    year = {2005},
    number = {9},
} 

@inproceedings{WuNIPS2016,
  author    = {Jiajun Wu and Chengkai Zhang and Tianfan Xue and Bill Freeman and Josh Tenenbaum},
  title     = {Learning a Probabilistic Latent Space of Object Shapes via 3D Generative-Adversarial Modeling},
  booktitle = NIPS,
  pages     = {82--90},
  year      = {2016},
}

@article{ZhengTG2010,
  author    = {Qian Zheng and Andrei Sharf and Guowei Wan and Yangyan Li and Niloy J. Mitra and Daniel Cohen{-}Or and Baoquan Chen},
  title     = {Non-local scan consolidation for 3D urban scenes},
  journal   = TG,
  volume    = {29},
  number    = {4},
  pages     = {94:1--94:9},
  year      = {2010},
}
